@Manual{matlab,
  title = {MATLAB},
  author = {{The MathWorks Inc}},
  year = {2021},
  note = {Matlab package version 2021b},
  url = {https://www.mathworks.com/products/matlab.html},
}
@Manual{R-bookdown,
  title = {bookdown: Authoring Books and Technical Documents with R Markdown},
  author = {Yihui Xie},
  year = {2020},
  note = {R package version 0.18},
  url = {https://CRAN.R-project.org/package=bookdown},
}
@Article{BFW2022,
  title = {Women's Labor Force Participation and the Distribution of the Gender Wage Gap: An Equilibrium Model},
  author = {Sonia R. Bhalotra and Manuel Fern√°ndez and Fan Wang},
  address = {University of Houston},
  year = {2022},
  url = {https://papers.ssrn.com/sol3/}
}
